@misc{linuxhackertools,
  author="Ivan Sklyarov",
  title="{Programming Linux Hacker Tools Uncovered: Exploits, Backdoors, Scanners, Sniffers, Brute-Forces, Rootkits}",
  note="Vydáno 2007 A-LIST, LCC. Dostupné online https://books.google.cz/books?id=yqHVAwAAQBAJ"
}
